@book{exemplo1,
        title="Latex",
        author="Leonardo Gomes",
        year="2021",
        publisher="Universidade do Minho"
        }
    
 
@online{exemplo2,
  title = "Latex Template",
  author = "UM",
  url = "shorturl.at/eoGJY",
  addendum = {Visitado por última vez em 25/12/2021}
}

@online{spaceInv,
  title = "Taito - 40 Years of Invading",
  author = "UM",
  url = "https://spaceinvaders.square-enix-games.com/news/taito-40-years-of-invading",
  addendum = {Visitado por última vez em 16/04/2022}
}